@article{zhang2020generative,
  title     = {A generative method for steganography by cover synthesis with auxiliary semantics},
  author    = {Zhang, Zhuo and Fu, Guangyuan and Ni, Rongrong and Liu, Jia and Yang, Xiaoyuan},
  journal   = {Tsinghua Science and Technology},
  volume    = {25},
  number    = {4},
  pages     = {516--527},
  year      = {2020},
  publisher = {TUP}
}

@article{li2020novel,
  title     = {A Novel Grayscale Image Steganography Scheme Based on Chaos Encryption and Generative Adversarial Networks},
  author    = {Li, Qi and Wang, Xingyuan and Wang, Xiaoyu and Ma, Bin and Wang, Chunpeng and Xian, Yongjin and Shi, Yunqing},
  journal   = {IEEE Access},
  volume    = {8},
  pages     = {168166--168176},
  year      = {2020},
  publisher = {IEEE}
}

@article{hu2018novel,
  title     = {A novel image steganography method via deep convolutional generative adversarial networks},
  author    = {Hu, Donghui and Wang, Liang and Jiang, Wenjie and Zheng, Shuli and Li, Bin},
  journal   = {IEEE Access},
  volume    = {6},
  pages     = {38303--38314},
  year      = {2018},
  publisher = {IEEE}
}
